%% This BibTeX bibliography file was created using BibDesk.
%% https://bibdesk.sourceforge.io/

%% Created for Junior Toniato at 2020-12-30 11:16:17 -0300 


%% Saved with string encoding Unicode (UTF-8) 


@comment{jabref-meta: databaseType:biblatex;}



@misc{jimnez2020anisotropic,
	Author = {Jose Beltr{\'a}n Jim{\'e}nez and Daniel de Andr{\'e}s and Adri{\`a} Delhom},
	Date-Added = {2020-06-16 17:58:38 -0300},
	Date-Modified = {2020-06-16 18:01:34 -0300},
	Eprint = {2006.07406},
	Title = {Anisotropic deformations in a class of projectively-invariant metric-affine theories of gravity},
	Year = {2020}}

@misc{CdA:preprint,
	Author = {P. Autor and S. Autor},
	Date-Added = {2020-06-16 17:50:44 -0300},
	Date-Modified = {2020-06-16 17:56:52 -0300},
	Note = {Identificador do repositório},
	Title = {T{\'\i}tulo do artigo},
	Year = {Ano}}

@phdthesis{CdA:tese,
	Author = {P. Autor},
	Date-Added = {2020-06-16 17:47:31 -0300},
	Date-Modified = {2020-06-16 17:48:35 -0300},
	School = {Institui{\c c}{\~a}o},
	Title = {T{\'\i}tulo da tese},
        url = {website},
        lastchecked = {mes (abrev.) ano},
	Year = {Ano}}

@inproceedings{CdA:proc,
	Address = {Cidade},
	Author = {P. Autor},
	Booktitle = {T{\'\i}tulo do livro ou anais},
	Date-Added = {2020-06-16 17:44:03 -0300},
	Date-Modified = {2020-06-16 17:45:35 -0300},
	Editor = {Editores},
	Pages = {pag.inicial-pag.final},
	Publisher = {Editora},
	Title = {T{\'\i}tulo do cap{\'\i}tulo},
	Year = {Ano}}

@book{CdA:livro,
	Address = {Cidade},
	Author = {P. Autor},
	Date-Added = {2020-06-16 17:41:01 -0300},
	Date-Modified = {2020-06-16 17:41:50 -0300},
	Publisher = {Editora},
	Title = {T{\'\i}tulo do livro},
	Year = {Ano}}

@article{CdA:art,
	Author = {Primeiro Autor and Segundo Autor},
	Date-Added = {2020-06-16 17:34:41 -0300},
	Date-Modified = {2020-06-16 17:40:11 -0300},
	Journal = {Nome abreviado do Jornal},
	Number = {n{\'u}mero},
	Pages = {p{\'a}gina inicial-p{\'a}gina final},
	Title = {T{\'\i}tulo do artigo},
	Volume = {Vol},
	Year = {Ano}}

@article{Fabris:2009wa,
	Archiveprefix = {arXiv},
	Author = {Fabris, J.C. and Velten, H.E.S.},
	Date-Added = {2020-02-13 17:15:12 -0300},
	Date-Modified = {2020-06-16 11:07:07 -0300},
        Eprint = {0906.0109},
	Journal = {Braz.J.Phys.},
	Pages = {592--595},
	Primaryclass = {astro-ph.CO},
	Title = {{MOND virial theorem applied to a galaxy cluster}},
	Volume = {39},
        doi = {10.1590/S0103-97332009000500015},
	Year = {2009}}

@book{Weinberg1972gcpa,
	Address = {New York},
	Author = {{Weinberg}, S.},
	Date-Added = {2018-01-28 17:13:24 +0000},
	Date-Modified = {2020-06-16 17:42:30 -0300},
	Isbn = {978-0471925675},
	Publisher = {John Wiley \& Sons},
	Title = {{Gravitation and cosmology: principles and applications of the general theory of relativity}},
	Year = 1972}

@phdthesis{Clifton:2006jh,
	Archiveprefix = {arXiv},
	Author = {Felipe Tovar Falciano},
	Date-Modified = {2019-04-11 20:16:42 -0300},
	School = {Centro Brasileiro de Pesquisas Físicas},
	Title = {{Modelos de Universo Não Singular com Campo Escalar}},
        url = {http://cbpfindex.cbpf.br/index.php?module=main&moduleFile=pubDetails&pubId=1880&typeId=9},
        lastchecked = {abr. 2023},
	Year = {2008}}

@inproceedings{Toniato:2016sma,
	Author = {Toniato, J{\'u}nior Diniz},
	Bdsk-Url-1 = {http://dx.doi.org/10.1007/978-3-319-44769-8\_13},
	Booktitle = {{The Cosmic Microwave Background}},
	Date-Modified = {2020-06-16 17:32:40 -0300},
	Doi = {10.1007/978-3-319-44769-8_13},
	Editor = {Fabris, J{\'u}lio Cesar and Piattella, Oliver F. and Rodrigues, Davi C. and Velten, H.E.S. and Zimdahl, Winfried},
	Pages = {359--369},
	Publisher = {{Springer International Publishing}},
	Slaccitation = {%%CITATION = INSPIRE-1491302;%%},
	Title = {{Geometric scalar theory of gravity}},
	Year = {2016},
	Bdsk-Url-2 = {https://doi.org/10.1007/978-3-319-44769-8_13}}
